% Encoding: UTF-8

@Article{Kozlowski2020,
  author       = {Julian Kozlowski and Laura Veldkamp and Venky Venkateswaran},
  date         = {2020-08},
  journaltitle = {Journal of Political Economy},
  title        = {The Tail That Wags the Economy: Beliefs and Persistent Stagnation},
  doi          = {10.1086/707735},
  number       = {8},
  pages        = {2839--2879},
  volume       = {128},
  publisher    = {University of Chicago Press},
}

@Unpublished{Gormsen2020,
  author       = {Niels Joachim Gormsen and Ralph S. J. Koijen},
  date         = {2020},
  title        = {Coronavirus: Impact on Stock Prices and Growth Expectations},
  doi          = {10.2139/ssrn.3555917},
  journaltitle = {{SSRN} Electronic Journal},
  publisher    = {Elsevier {BV}},
}

@Comment{jabref-meta: databaseType:biblatex;}
